@Misc{MathJax2.6,
  author =       {MathJax Consortium},
  title =        {{MathJax} v2.6},
  year =         2015,
  note =         {\url{http://www.mathjax.org}}
}

@InProceedings{Sorge14,
  author =       {V.~Sorge and C.~Chen and TV~Raman and D.~Tseng},
  title =        {Towards Making Mathematics a First Class Citizen in General Screen Readers},
  booktitle = {Proc of W4A},
  year =         2014,
  publisher = {ACM}}


@InProceedings{Pearson,
  author =       {S.~Dooley and D.~Brown and E.~Lozano and S.~Park and S.~Osterhaus},
  title =        {Online Nemeth Braille Input/Output Using Content MathML},
  booktitle = {Proc of W4A},
  year =         2016,
  publisher = {ACM}}

@Misc{Emacspeak,
author = {TV Raman},
title = {Emacspeak},
howpublished = {\url{http://emacspeak.sourceforge.net}}
}


@Misc{SRE,
author = {V.~Sorge},
title = {{S}peech {R}ule {E}ngine},
howpublished = {https://github.com/zorkow/speech-rule-engine}
}

@Misc{ncbys,
title = {Blindmath Gems {LaTeX}},
author = {NCBYS},
howpublished = {http://www.blindscience.org/blindmath-gems-latex}
}

